@article{oldmasp,
  title = "Association rule mining with mostly associated sequential patterns ",
  journal = "Expert Systems with Applications ",
  volume = "42",
  number = "5",
  pages = "2582 - 2592",
  year = "2015",
  note = "",
  issn = "0957-4174",
  doi = "http://dx.doi.org/10.1016/j.eswa.2014.10.049",  
  author = "Omer M. Soysal"
}

@article{fastapriori,
  title   = "Fast Algorithms for Mining Association Rules",
  journal = "Proceedings of the 20th VLDB Conference Santiago, Chile",
  year    = "1994",
  author  = {Rakesh Agrawal, Ramakrishnan Srikant}
}

@article{ais,
  title   = "Mining association rules between sets of items in large databases",
  journal = "ACM SIGMOD Conference on Management of Data, Washington, D.C.",
  year    = "1993",
  author  = {" R. Agrawal", "T. Imielinski", "A. Swami"}
}

@article{setm,
  title   = "Set-oriented mining of association rules",
  journal = "Research Report RJ 9567, IBM Almaden Research Center, San Jose, California",
  year    = "1993",
  author  = {"M. Houtsma", "A. Swami"}
}

@article{fpgrowth,  
  title = "Mining frequent patterns without candidate generation: A frequent-pattern tree approach",
  journal   = "Data Mining and Knowledge Discovery",
  year    = "2004",
  author  = {"Jian Pei ", "Jiawei Han", "Yiwen Yin"}
}