@article{oldmasp,
  title   = "Association rule mining with mostly associated sequential patterns",
  journal = "Elsevier",
  year    = "2014",
  author  = "Omer M. Soyal"
}

